@online{oms,
	author = {OMS},
	title = {{OMS} Dracunculiasis portal},
	year = 2017,
	url = {http://www.who.int/mediacentre/factsheets/fs359/es/},
	urldate = {2018-02-01}
}
@article{original,
	title={A 
	mathematical model for the eradication of Guinea worm 
	disease},
	author={R.J. Smith?
	, P. Cloutier, J. Harrison and A. Desforges 
	A },
	journal={ Understanding the Dynamics of Emerging and Re-
	emerging Infectious Diseases Using Mathematical Models},
	pages={133-156},
	year={2012},
	publisher={S. 
	Mushayabasa and C.P. Bhunu (}
}
@article{hao,
	title={Mathematical model on Alzheimerâ€™s disease},
	author={Hao, Wenrui and Friedman, Avner},
	journal={BMC systems biology},
	volume={10},
	number={1},
	pages={108},
	year={2016},
	publisher={BioMed Central}
}
@article{bertsch,
	title={Alzheimer's disease: a mathematical model for onset and progression},
	author={Bertsch, Michiel and Franchi, Bruno and Marcello, Norina and Tesi, Maria Carla and Tosin, Andrea},
	journal={Mathematical medicine and biology: a journal of the IMA},
	volume={34},
	number={2},
	pages={193--214},
	year={2016},
	publisher={Oxford University Press}
}
